@book{baumgartner:2002,
	title = {E-Learning Praxishandbuch : Auswahl von Lernplattformen; Marktübersicht, Funktionen, Fachbegriffe},
	author = {Baumgartner, Peter and Häfele, Hartmut and Maier-Häfele, Kornelia},
	address = {Innsbruck},
	publisher = {StudienVerl.},
	year = {2002},
	isbn = {3-7065-1771-X}
}

@TechReport{dreyfus:1980,
	author = {Stuard E. Dreyfus and Hubert L. Dreyfus},
	title = {A Five-Stage Model Of The Mental Activities Involved In Directed Skill Acquisition},
	institution = {University of California, Berkley},
	year = {1980},
	url = {http://www.dtic.mil/cgi-bin/GetTRDoc?AD=ADA084551&Location=U2&doc=GetTRDoc.pdf},
}

@Online{fsf:2007,
	author = {{Free Software Foundation}},
	title = {{GNU AFFERO GENERAL PUBLIC LICENSE}},
	url = {http://www.gnu.org/licenses/agpl-3.0.de.html},
	year = {2007}
}

@Unpublished{mustermann:2012,
	author = {Max Mustermann},
	title = {tolles Musterthema},
	year = {2012},
	address = {Musterstadt},
	note = {Studienarbeit}
}

@TechReport{shylesh:2017,
	author = {Shylesh S},
	title = {A Study of Software Development Life Cycle Process Models},
	institution = {Srinivas Institute of Management Studies},
	year = {2017},
	url = {https://papers.ssrn.com/sol3/papers.cfm?abstract_id=2988291},
}

@Online{hbsc:2020,
    author = {Lauren Laundry},
	title = {What Is Human-Centered Design?},
	institution = {Harvard Business School Online},
	year = {2020},
	url = {https://online.hbs.edu/blog/post/what-is-human-centered-design},
}

@book{vanderryn:2013,
	author = {Sim Van der Ryn},
	title = {Human-Centered Design},
	date = {2013},
	doi = {10.1007/978-1-61091-505-2_2},
}

@TechReport{hcd:2021,
	author = {Heru Susanto, Fahmi Ibrahim, Saleem Haja Nazmudeen, Fadzliwati Mohiddin, Desi Setiana},
	title = {Human-Centered Design to Enhance the Usability, Human Factors, and User Experience Within Digital Destructive Ecosystems},
	date = {2021},
	doi = {10.4018/978-1-7998-4787-8.CH005},
}

@book{let:2022,
	author = {Sae Schatz, Khanh-Phuong Thai, Scotty D. Criag, Jordan Richard Schoenherr, Jodi Lis, Janet Kolodner},
	title = {Learning Engineering Toolkit},
	chapter = {Human-Centered Design Tools},
	date = {2022},
	doi = {10.4324/9781003276579-17},
}

@book{pod:2016,
	author = {John Waterworth, Kei Hoshi},
	title = {The Problems of Design},
	date = {2016},
	doi = {10.1007/978-3-319-30334-5_2},
}